@misc{ncsnow,
author = {Bill Chappell},
title = {Winter Storm Paralyzes Roads in North Carolina, Depsite Warnings}, 
howpublished = {Available at \url{https://www.npr.org/sections/thetwo-way/2014/02/12/276160559/winter-storm-paralyzes-roads-in-north-carolina-despite-warnings} (2022/11/28)} 
}

@misc{5worst,
author = {Justine Brown},
title = {The NFL's 5 Worst Cold-Weather Teams},
howpublished = {Available at \url{https://bleacherreport.com/articles/960149-the-nfls-5-worst-cold-weather-teams} (2022/10/16)}
}

@misc{denlay,
author = {Keaton Denlay},
title = {The "Dome Field" Advantage in Fantasy Football},
howpublished = {Available at \url{https://www.thefantasyfootballers.com/articles/the-dome-field-advantage-in-fantasy-football/} (2022/10/16)}
}

@article{pracsport,
  author  = "Hannes, Gatterer",
  title   = "Practicing Sport in Cold Environments: Practical Recommendations to Improve Sport Performance and Reduce Negative Health Outcomes",
  journal = "International Journal of Environmental Research and Public Health",
  year    = 2021,
  volume  = "18",
  number  = "18",
  pages   = "97-110"
} 

@misc{pain,
author = {Association for Applied Sport Psychology},
title = {Pain Tolerance in Sport | Association for Applied Sport},
howpublished = {Available at \url{https://appliedsportpsych.org/resources/resources-for-athletes/pain-tolerance-in-sport/} (2022/12/01)}
}

@misc{outincold,
author = {Harvard Health},
title = {Out in the Cold},
howpublished = {Available at \url{https://www.health.harvard.edu/staying-healthy/out-in-the-cold} (2022/12/01)}
}

@misc{domeadv,
author = {Ashley Anderson},
title = {Is there such a thing as dome-field advantage in the NFL?},
howpublished = {Available at \url{https://edge.twinspires.com/nfl/is-there-such-a-thing-as-dome-field-advantage-in-the-nfl/} (2022/12/01)}
}

@misc{staywarm,
author = {Matt Bowen},
title = {Seven ways NFL players keep from freezing},
howpublished = {Available at \url{https://www.espn.com/nfl/story/_/id/14525394/seven-ways-nfl-players-stay-warm-frigid-conditions-nfl} (2022/09/26)}
}

@article{injrate,
  author  = "Chalmers, Peter N. et al.",
  title   = "Effect of Weather and Game Factors on Injury Rates in Professional Baseball Players",
  journal = "The American Journal of Sports Medicine",
  year    = 2022,
  volume  = "50",
  number  = "4",
  pages   = "1130-1136"
} 

@article{hawaii,
  author  = "Brendan Seto",
  title   = "Effect of Hometown Seasonality on Undergraduate Students' Risk of Developing Seasonal Affect Disorder",
  journal = "Hawai'i Journal of Health and Social Welfare",
  year    = 2021,
  volume  = "80",
  number  = "12",
  pages   = "298-303"
} 

@misc{nfl sched,
author = {NFL Operations Team},
title = {Creating the NFL Schedule},
howpublished = {Available at \url{https://operations.nfl.com/gameday/nfl-schedule/creating-the-nfl-schedule/} (2022/11/20)}
}

@misc{bat,
author = {NIH},
title = {Cool Temperature Alters Human Fat and Metabolism},
howpublished = {Available at \url{https://www.nih.gov/news-events/nih-research-matters/cool-temperature-alters-human-fat-metabolism} (2022/11/20)}
}

@misc{coolperformance,
author = {Cool Antarctica},
title = {Cold Weather and Sport Exercise in Low Temperatures},
howpublished = {Available at \url{https://www.coolantarctica.com/Antarctica\%20fact\%20file/science/cold-weather-sport.php} (2022/11/20)}
}

@article{coldacclimation,
  author  = "van der Lans, Anouk A.J.J. et al.",
  title   = "Cold acclimation recruits human brown fat and increases nonshivering thermogenesis",
  journal = "Journal of Clinical Investigation",
  year    = 2013,
  volume  = "123",
  number  = "8",
  pages   = "3395-3403"
} 

@article{coldacclimation,
  author  = "van der Lans, Anouk A.J.J. et al.",
  title   = "Cold acclimation recruits human brown fat and increases nonshivering thermogenesis",
  journal = "Journal of Clinical Investigation",
  year    = 2013,
  volume  = "123",
  number  = "8",
  pages   = "3395-3403"
} 

@article{aggro,
  author  = "Craig, Curtis et al.",
  title   = "A relationship between temperature and aggression in NFL football penalties",
  journal = "Journal of Sport and Health Science",
  year    = 2016,
  volume  = "5",
  number  = "2",
  pages   = "205-210"
} 
